%YAML 1.1
%TAG !u! tag:unity3d.com,2011:
--- !u!1 &7838477424808404873
GameObject:
  m_ObjectHideFlags: 0
  m_CorrespondingSourceObject: {fileID: 0}
  m_PrefabInstance: {fileID: 0}
  m_PrefabAsset: {fileID: 0}
  serializedVersion: 6
  m_Component:
  - component: {fileID: 3345757161240242798}
  - component: {fileID: 855744173295572154}
  - component: {fileID: 3181182151710067060}
  - component: {fileID: 4695358145445542935}
  - component: {fileID: 7838477424808404875}
  - component: {fileID: 4695358145445542934}
  m_Layer: 0
  m_Name: bshipGreen
  m_TagString: green-fleet
  m_Icon: {fileID: 0}
  m_NavMeshLayer: 0
  m_StaticEditorFlags: 0
  m_IsActive: 1
--- !u!4 &3345757161240242798
Transform:
  m_ObjectHideFlags: 0
  m_CorrespondingSourceObject: {fileID: 0}
  m_PrefabInstance: {fileID: 0}
  m_PrefabAsset: {fileID: 0}
  m_GameObject: {fileID: 7838477424808404873}
  m_LocalRotation: {x: 0, y: 0.7071068, z: 0, w: 0.7071068}
  m_LocalPosition: {x: -18.7, y: 0, z: -5.4}
  m_LocalScale: {x: 1, y: 1, z: 1}
  m_Children:
  - {fileID: 1072245784355149722}
  m_Father: {fileID: 0}
  m_RootOrder: 0
  m_LocalEulerAnglesHint: {x: 0, y: 90, z: 0}
--- !u!33 &855744173295572154
MeshFilter:
  m_ObjectHideFlags: 0
  m_CorrespondingSourceObject: {fileID: 0}
  m_PrefabInstance: {fileID: 0}
  m_PrefabAsset: {fileID: 0}
  m_GameObject: {fileID: 7838477424808404873}
  m_Mesh: {fileID: 7248041548669669315, guid: e174a08d577359c44bd7930fac541c9f, type: 3}
--- !u!23 &3181182151710067060
MeshRenderer:
  m_ObjectHideFlags: 0
  m_CorrespondingSourceObject: {fileID: 0}
  m_PrefabInstance: {fileID: 0}
  m_PrefabAsset: {fileID: 0}
  m_GameObject: {fileID: 7838477424808404873}
  m_Enabled: 1
  m_CastShadows: 1
  m_ReceiveShadows: 1
  m_DynamicOccludee: 1
  m_MotionVectors: 1
  m_LightProbeUsage: 1
  m_ReflectionProbeUsage: 1
  m_RayTracingMode: 2
  m_RayTraceProcedural: 0
  m_RenderingLayerMask: 1
  m_RendererPriority: 0
  m_Materials:
  - {fileID: 2100000, guid: bff6f628937f73e40bd366ab627d0dca, type: 2}
  m_StaticBatchInfo:
    firstSubMesh: 0
    subMeshCount: 0
  m_StaticBatchRoot: {fileID: 0}
  m_ProbeAnchor: {fileID: 0}
  m_LightProbeVolumeOverride: {fileID: 0}
  m_ScaleInLightmap: 1
  m_ReceiveGI: 1
  m_PreserveUVs: 0
  m_IgnoreNormalsForChartDetection: 0
  m_ImportantGI: 0
  m_StitchLightmapSeams: 1
  m_SelectedEditorRenderState: 3
  m_MinimumChartSize: 4
  m_AutoUVMaxDistance: 0.5
  m_AutoUVMaxAngle: 89
  m_LightmapParameters: {fileID: 0}
  m_SortingLayerID: 0
  m_SortingLayer: 0
  m_SortingOrder: 0
  m_AdditionalVertexStreams: {fileID: 0}
--- !u!65 &4695358145445542935
BoxCollider:
  m_ObjectHideFlags: 0
  m_CorrespondingSourceObject: {fileID: 0}
  m_PrefabInstance: {fileID: 0}
  m_PrefabAsset: {fileID: 0}
  m_GameObject: {fileID: 7838477424808404873}
  m_Material: {fileID: 0}
  m_IsTrigger: 1
  m_Enabled: 1
  serializedVersion: 2
  m_Size: {x: 6.091984, y: 14.245148, z: 9.928108}
  m_Center: {x: -0.015359163, y: 7.122574, z: -0.90001893}
--- !u!54 &7838477424808404875
Rigidbody:
  m_ObjectHideFlags: 0
  m_CorrespondingSourceObject: {fileID: 0}
  m_PrefabInstance: {fileID: 0}
  m_PrefabAsset: {fileID: 0}
  m_GameObject: {fileID: 7838477424808404873}
  serializedVersion: 2
  m_Mass: 1
  m_Drag: 0
  m_AngularDrag: 0.05
  m_UseGravity: 0
  m_IsKinematic: 0
  m_Interpolate: 0
  m_Constraints: 0
  m_CollisionDetection: 0
--- !u!114 &4695358145445542934
MonoBehaviour:
  m_ObjectHideFlags: 0
  m_CorrespondingSourceObject: {fileID: 0}
  m_PrefabInstance: {fileID: 0}
  m_PrefabAsset: {fileID: 0}
  m_GameObject: {fileID: 7838477424808404873}
  m_Enabled: 1
  m_EditorHideFlags: 0
  m_Script: {fileID: 11500000, guid: 27908eacc3a698945b9d81067fe18947, type: 3}
  m_Name: 
  m_EditorClassIdentifier: 
  selectedMat: {fileID: 2100000, guid: 92a13a3906f3a004ea72fec278536a52, type: 2}
  type: 0
  owner: Player1
  active: 0
--- !u!1001 &4695358146150738311
PrefabInstance:
  m_ObjectHideFlags: 0
  serializedVersion: 2
  m_Modification:
    m_TransformParent: {fileID: 3345757161240242798}
    m_Modifications:
    - target: {fileID: 5748882889616604674, guid: 40d2e30427310bc43bf7528e51e72169, type: 3}
      propertyPath: m_Name
      value: healthbar-green
      objectReference: {fileID: 0}
    - target: {fileID: 5748882889616604700, guid: 40d2e30427310bc43bf7528e51e72169, type: 3}
      propertyPath: total
      value: 6
      objectReference: {fileID: 0}
    - target: {fileID: 5748882889616604701, guid: 40d2e30427310bc43bf7528e51e72169, type: 3}
      propertyPath: m_RootOrder
      value: 0
      objectReference: {fileID: 0}
    - target: {fileID: 5748882889616604701, guid: 40d2e30427310bc43bf7528e51e72169, type: 3}
      propertyPath: m_LocalPosition.x
      value: -3.6
      objectReference: {fileID: 0}
    - target: {fileID: 5748882889616604701, guid: 40d2e30427310bc43bf7528e51e72169, type: 3}
      propertyPath: m_LocalPosition.y
      value: 13.3
      objectReference: {fileID: 0}
    - target: {fileID: 5748882889616604701, guid: 40d2e30427310bc43bf7528e51e72169, type: 3}
      propertyPath: m_LocalPosition.z
      value: 0
      objectReference: {fileID: 0}
    - target: {fileID: 5748882889616604701, guid: 40d2e30427310bc43bf7528e51e72169, type: 3}
      propertyPath: m_LocalRotation.w
      value: 1
      objectReference: {fileID: 0}
    - target: {fileID: 5748882889616604701, guid: 40d2e30427310bc43bf7528e51e72169, type: 3}
      propertyPath: m_LocalRotation.x
      value: 0
      objectReference: {fileID: 0}
    - target: {fileID: 5748882889616604701, guid: 40d2e30427310bc43bf7528e51e72169, type: 3}
      propertyPath: m_LocalRotation.y
      value: 0
      objectReference: {fileID: 0}
    - target: {fileID: 5748882889616604701, guid: 40d2e30427310bc43bf7528e51e72169, type: 3}
      propertyPath: m_LocalRotation.z
      value: 0
      objectReference: {fileID: 0}
    - target: {fileID: 5748882889616604701, guid: 40d2e30427310bc43bf7528e51e72169, type: 3}
      propertyPath: m_LocalEulerAnglesHint.x
      value: 0
      objectReference: {fileID: 0}
    - target: {fileID: 5748882889616604701, guid: 40d2e30427310bc43bf7528e51e72169, type: 3}
      propertyPath: m_LocalEulerAnglesHint.y
      value: 0
      objectReference: {fileID: 0}
    - target: {fileID: 5748882889616604701, guid: 40d2e30427310bc43bf7528e51e72169, type: 3}
      propertyPath: m_LocalEulerAnglesHint.z
      value: 0
      objectReference: {fileID: 0}
    m_RemovedComponents: []
  m_SourcePrefab: {fileID: 100100000, guid: 40d2e30427310bc43bf7528e51e72169, type: 3}
--- !u!4 &1072245784355149722 stripped
Transform:
  m_CorrespondingSourceObject: {fileID: 5748882889616604701, guid: 40d2e30427310bc43bf7528e51e72169, type: 3}
  m_PrefabInstance: {fileID: 4695358146150738311}
  m_PrefabAsset: {fileID: 0}
